<?xml version="1.0" encoding="UTF-8"?><record xmlns="http://www.loc.gov/MARC21/slim" xmlns:cinclude="http://apache.org/cocoon/include/1.0" xmlns:zs="http://www.loc.gov/zing/srw/">
  <leader>00509cz  a2200121n  4500</leader>
  <controlfield tag="001">n  91019165 </controlfield>
  <controlfield tag="003">DLC</controlfield>
  <controlfield tag="005">20121025075014.0</controlfield>
  <controlfield tag="008">910225n| acannaab           |n aaa      </controlfield>
  <datafield tag="010" ind1=" " ind2=" ">
    <subfield code="a">n  91019165 </subfield>
  </datafield>
  <datafield tag="040" ind1=" " ind2=" ">
    <subfield code="a">DLC</subfield>
    <subfield code="c">DLC</subfield>
    <subfield code="d">DLC</subfield>
  </datafield>
  <datafield tag="100" ind1="1" ind2=" ">
    <subfield code="a">Cole, Stephen A.</subfield>
  </datafield>
  <datafield tag="670" ind1=" " ind2=" ">
    <subfield code="a">NUCMC data from Cape Cod Community College, Library-Learning Resources Center for Cranberry culture in Massachusetts collection, 1983</subfield>
    <subfield code="b">(Stephen A. Cole; conducted interviews as part of two year study of history of cranberry growing in Cape Cod, Mass.)</subfield>
  </datafield>
</record>